@article{dummy1,
    author        = "A",
    title         = "B",
    collaboration = "ALICE",
    month         = "Jan",
    year          = "2022",
    url           = "https:/..."
}

@article{dummy2,
    author        = "A",
    title         = "B",
    collaboration = "ALICE",
    month         = "Jan",
    year          = "2022",
    url           = "https:/..."
}

@article{ana990_Xic0,
    author        = "Tiantian Cheng and others",
    title         = "{\Xic production in \pp collisions at $\sqrt{s}=5.02$ and $13$ TeV}",
    collaboration = "ALICE",
    month         = "May",
    year          = "2021",
    url           = "https://alice-notes.web.cern.ch/node/990"
}

@article{ana993_D0,
    author        = "Cristina Terrevoli and others",
    title         = "{{${\rm D^{+}_{s}}$\xspace/\Dzero and ${\rm \Lambda^{+}_{c}}$\xspace/\Dzero}
    relative abundances at mid-rapidity as a function of multiplicity in \textit{protonâ€“proton}
    collisions at \s = 13 \TeV}",
    collaboration = "ALICE",
    month         = "Nov",
    year          = "2021",
    url           = "https://alice-notes.web.cern.ch/node/993"
}

@online{JiraTicket,
    author  = {ALICE\_JIRA},
    title   = {\text{HF MC for XiC semileptonic decay analysis in pp collisions at 13 TeV}},
    url     = {https://alice.its.cern.ch/jira/browse/ALIROOT-8569},
    urldate = {2021-01-28}
}

@online{PDG,
    author  = {PDG},
    title   = {Baryon Summary Tables},
    url     = {https://pdg.lbl.gov/2018/tables/contents_tables_baryons.html},
    urldate = {2021-01}
}






\iffalse
@online{repoKralik,
    author  =   {Ivan Kralik},
    title   =   {Data files repository for vdM analysis},
    url     =   {https://home.saske.sk/~kralik/VdM/VdM-allin1file/},
    urldate =   {2020-09-29}
}

@online{Blah,
    author = {},
    title = {},
    url = {},
    urldate = {}
}
\fi